% This file was created with JabRef 2.10b2.
% Encoding: UTF-8


@InCollection{Laske2015,
  Title                    = {1.04 - Theory and Observations: Normal Mode and Surface Wave Observations },
  Author                   = {G. Laske and R. Widmer-Schnidrig},
  Booktitle                = {Treatise on Geophysics},
  Publisher                = {Elsevier},
  Year                     = {2015},

  Address                  = {Oxford},
  Edition                  = {Second Edition},
  Editor                   = {Schubert, Gerald},
  Pages                    = {117 - 167},

  Doi                      = {10.1016/B978-0-444-53802-4.00003-8},
  ISBN                     = {978-0-444-53803-1}
}

@Article{ScanArray2017,
  Title                    = {ScanArray Core (1G 2012-2017)},
  Author                   = {H. Thybo and N. Balling and V. Maupin and J. Ritter and F. Tilmann},
  Journal                  = {The ScanArray consortium},
  Year                     = {2017},

  Doi                      = {10.5880/GIPP.201417.1},
  Organization             = {The ScanArray consortium},
  Owner                    = {mauerberger},
  Timestamp                = {2017.11.17}
}

